<?xml version="1.0" encoding="UTF-8"?><collection xmlns="http://www.loc.gov/MARC21/slim"><record><leader>00296nam--2200109-i-4500</leader><controlfield tag="001">000028137</controlfield><controlfield tag="002">20161230</controlfield><controlfield tag="005">20161230201037</controlfield><controlfield tag="008">060222s1000------------r-----000-0-eng-d</controlfield><datafield ind1=" " ind2=" " tag="245"><subfield code="a">Lehrbriefe. bd.i, 2-te uberarbeitete auflage</subfield></datafield><datafield ind1=" " ind2=" " tag="260"><subfield code="a">Hamburg, Deutsche Philips Gmbh, 1952, Xi + 436p</subfield></datafield><datafield ind1=" " ind2=" " tag="852"><subfield code="a">11614</subfield></datafield></record></collection>